@BOOK{AR2000a-ed,
  EDITOR = {Abeillé, Anne and Rambow, Owen},
  PUBLISHER = {CSLI Publications},
  ADDRESS = {Stanford, CA},
  BOOKTITLE = {{Tree Adjoining Grammars}: Formalisms, Linguistic Analysis and Processing},
  LANGID = {english},
  NUMBER = {156},
  SERIES = {CSLI Lecture Notes},
  TITLE = {{Tree Adjoining Grammars}: Formalisms, Linguistic Analysis and Processing},
  YEAR = {2000},
}

@INPROCEEDINGS{AS89a,
  AUTHOR = {Abeillé, Anne and Schabes, Yves},
  CROSSREF = {eacl89},
  LANGID = {english},
  PAGES = {1--9},
  TITLE = {Parsing Idioms in {Lexicalized TAG}},
}

@BOOK{Abraham82a-ed,
  EDITOR = {Abraham, Werner},
  PUBLISHER = {\original Gunter Narr Verlag \jetzt Stauffenburg Verlag},
  ADDRESS = {Tübingen},
  BOOKTITLE = {{Satzglieder im Deutschen -- Vorschläge zur syntaktischen, semantischen und pragmatischen Fundierung}},
  LANGID = {english},
  NUMBER = {15},
  SERIES = {Studien zur deutschen Grammatik},
  TITLE = {{Satzglieder im Deutschen -- Vorschläge zur syntaktischen, semantischen und pragmatischen Fundierung}},
  YEAR = {1982},
}

@BOOK{AvG97,
  EDITOR = {Abraham, Werner and {van Gelderen}, Elly},
  PUBLISHER = {Max Niemeyer Verlag},
  ADDRESS = {Tübingen},
  BOOKTITLE = {{German}: {Syntactic} Problems---{Problematic} Syntax},
  LANGID = {english},
  NUMBER = {374},
  SERIES = {Linguistische Arbeiten},
  TITLE = {{German}: {Syntactic} Problems---{Problematic} Syntax},
  YEAR = {1997},
}

@ARTICLE{Ajdukiewicz35a-u,
  AUTHOR = {Ajdukiewicz, Kazimierz},
  JOURNAL = {Studia Philosophica},
  LANGID = {english},
  PAGES = {1--27},
  TITLE = {{Die syntaktische Konnexität}},
  VOLUME = {1},
  YEAR = {1935},
}

@ARTICLE{AS83a,
  AUTHOR = {Aoun, Joseph and Sportiche, Dominique},
  JOURNAL = {The Linguistic Review},
  LANGID = {english},
  NUMBER = {3},
  PAGES = {211--236},
  TITLE = {On the Formal Theory of Government},
  VOLUME = {2},
  YEAR = {1983},
}

@BOOK{BK89a-ed,
  EDITOR = {Baltin, Mark R. and Kroch, Anthony S.},
  PUBLISHER = {The University of Chicago Press},
  ADDRESS = {Chicago/London},
  BOOKTITLE = {Alternative Conceptions of Phrase Structure},
  LANGID = {english},
  TITLE = {Alternative Conceptions of Phrase Structure},
  YEAR = {1989},
}

@MISC{Bargmann2015a,
  AUTHOR = {Bargmann, Sascha},
  HOWPUBLISHED = {Poster presentation at the 5th General Meeting of {PARSEME}, {Iasi}, 23--24 {September} 2015},
  LANGID = {english},
  TITLE = {Syntactically Flexible {VP}-Idioms and the {N-after-N Construction}},
  YEAR = {2015},
}

@BOOK{Bech55a,
  AUTHOR = {Bech, Gunnar},
  PUBLISHER = {Max Niemeyer Verlag},
  ADDRESS = {Tübingen},
  IDS = {gunnar1955studien},
  LANGID = {english},
  NOTE = {\2nd\unchangedEdition 1983},
  NUMBER = {139},
  SERIES = {Linguistische Arbeiten},
  TITLE = {{Studien über das deutsche Verbum infinitum}},
  YEAR = {1955},
}

@BOOK{Berman2003a,
  AUTHOR = {Berman, Judith},
  PUBLISHER = {CSLI Publications},
  ADDRESS = {Stanford, CA},
  LANGID = {english},
  SERIES = {Studies in Constraint"=Based Lexicalism},
  TITLE = {Clausal Syntax of {German}},
  YEAR = {2003},
}

@INCOLLECTION{Berman96a-u,
  AUTHOR = {Berman, Judith},
  CROSSREF = {BF96a-ed},
  LANGID = {english},
  PAGES = {11--96},
  TITLE = {{Eine LFG-Grammatik des Deutschen}},
}

@BOOK{BF96a-ed,
  EDITOR = {Berman, Judith and Frank, Anette},
  PUBLISHER = {Max Niemeyer Verlag},
  ADDRESS = {Tübingen},
  BOOKTITLE = {{Deutsche und französische Syntax im Formalismus der LFG}},
  DOI = {10.1515/9783110955354},
  LANGID = {english},
  NUMBER = {344},
  SERIES = {Linguistische Arbeiten},
  TITLE = {{Deutsche und französische Syntax im Formalismus der LFG}},
  YEAR = {1996},
}

@BOOK{Bierwisch63a,
  ABSTRACT = {S. 79: Sie kann keinen Handstand, Sie moechte einen Pelzmantel -> Ellipse},
  AUTHOR = {Bierwisch, Manfred},
  PUBLISHER = {Akademie Verlag},
  ADDRESS = {Berlin},
  LANGID = {english},
  NUMBER = {2},
  SERIES = {studia grammatica},
  TITLE = {{Grammatik des deutschen Verbs}},
  YEAR = {1963},
}

@BOOK{Bloomfield33a-u,
  AUTHOR = {Bloomfield, Leonard},
  PUBLISHER = {George Allen and Unwin},
  ADDRESS = {London},
  IDS = {bloom},
  LANGID = {english},
  TITLE = {Language},
  YEAR = {1933},
}

@BOOK{BS2012a-ed,
  EDITOR = {Boas, Hans C. and Sag, Ivan A.},
  PUBLISHER = {CSLI Publications},
  ADDRESS = {Stanford, CA},
  BOOKTITLE = {{Sign-Based Construction Grammar}},
  IDS = {boas;sag12},
  LANGID = {english},
  NUMBER = {193},
  SERIES = {CSLI Lecture Notes},
  TITLE = {{Sign-based Construction Grammar}},
  YEAR = {2012},
}

@BOOK{Bresnan82a-ed,
  EDITOR = {Bresnan, Joan},
  PUBLISHER = {MIT Press},
  ADDRESS = {Cambridge, MA},
  BOOKTITLE = {The Mental Representation of Grammatical Relations},
  IDS = {Bresnan1982a,bresnan_j82},
  LANGID = {english},
  SERIES = {MIT Press Series on Cognitive Theory and Mental Representation},
  TITLE = {The Mental Representation of Grammatical Relations},
  YEAR = {1982},
}

@BOOK{Bresnan2001a,
  AUTHOR = {Bresnan, Joan},
  PUBLISHER = {Blackwell Publishers Ltd},
  ADDRESS = {Oxford},
  EDITION = {1},
  IDS = {Bresnan01},
  LANGID = {english},
  TITLE = {{Lexical-Functional Syntax}},
  YEAR = {2001},
}

@INCOLLECTION{Bresnan82a,
  ABSTRACT = {AW98a:319 Lexikoninput kann nur aus dem Lexikon kommen, kopiert Klaus, Bresnan82c:349 Probleme mit Begriff logisches Subjekt},
  AUTHOR = {Bresnan, Joan},
  CROSSREF = {Bresnan82a-ed},
  IDS = {Bresnan:1982passive,Bresnan82},
  LANGID = {english},
  PAGES = {3--86},
  TITLE = {The Passive in Lexical Theory},
}

@BOOK{BATW2016a,
  AUTHOR = {Bresnan, Joan and Asudeh, Ash and Toivonen, Ida and Wechsler, Stephen},
  PUBLISHER = {Wiley-Blackwell},
  ADDRESS = {Oxford},
  BOOKTITLE = {Lexical-Functional Syntax},
  DOI = {10.1002/9781119105664},
  EDITION = {2},
  IDS = {Bresnan+etal:2015,BATW2015a},
  ISBN = {9781119105664},
  LANGID = {english},
  NUMBER = {16},
  SERIES = {Blackwell Textbooks in Linguistics},
  TITLE = {Lexical"=Functional Syntax},
  YEAR = {2016},
}

@INCOLLECTION{BK82a,
  ABSTRACT = {Koenig99a: lexical rules},
  AUTHOR = {Bresnan, Joan and Kaplan, Ronald M.},
  CROSSREF = {Bresnan82a-ed},
  LANGID = {english},
  PAGES = {xvii--lii},
  TITLE = {Introduction: Grammars as Mental Representations of Language},
}

@ARTICLE{BM95a,
  AUTHOR = {Bresnan, Joan and Mchombo, Sam A.},
  DOI = {10.1007/BF00992782},
  IDS = {BresnanandMchombo1995},
  JOURNAL = {Natural Language \& Linguistic Theory},
  LANGID = {english},
  PAGES = {181--254},
  TITLE = {The {Lexical Integrity Principle}: {Evidence} from {Bantu}},
  VOLUME = {13},
  YEAR = {1995},
}

@BOOK{Brown2006a-ed,
  EDITOR = {Brown, Keith},
  PUBLISHER = {Elsevier Science Publisher B.V. (North-Holland)},
  ADDRESS = {Oxford},
  BOOKTITLE = {The Encyclopedia of Language and Linguistics},
  EDITION = {2},
  LANGID = {english},
  TITLE = {The Encyclopedia of Language and Linguistics},
  YEAR = {2006},
}

@BOOK{BvH96a-ed,
  EDITOR = {Bunt, Harry and van Horck, Arthur},
  PUBLISHER = {Mouton de Gruyter},
  ADDRESS = {Berlin},
  BOOKTITLE = {Discontinuous Constituency},
  LANGID = {english},
  NUMBER = {6},
  SERIES = {Natural Language Processing},
  TITLE = {Discontinuous Constituency},
  YEAR = {1996},
}

@BOOK{Carpenter92a,
  AUTHOR = {Carpenter, Bob},
  PUBLISHER = {Cambridge University Press},
  ADDRESS = {Cambridge},
  DOI = {10.1017/CBO9780511530098},
  IDS = {Carpenter1992,Carpenter:1992},
  LANGID = {english},
  NUMBER = {32},
  SERIES = {Cambridge Tracts in Theoretical Computer Science},
  TITLE = {The Logic of Typed Feature Structures},
  YEAR = {1992},
}

@BOOK{Choi99a-u,
  AUTHOR = {Choi, Hye-Won},
  PUBLISHER = {CSLI Publications},
  ADDRESS = {Stanford, CA},
  LANGID = {english},
  SERIES = {Dissertations in Linguistics},
  TITLE = {Optimizing Structure in Scrambling: {Scrambling} and Information Structure},
  YEAR = {1999},
}

@BOOK{Chomsky57a,
  ABSTRACT = {CT78:39 discovery procedure, Blevins2001a: V -> V_1 + Part, d.h. ein Prädikat},
  AUTHOR = {Chomsky, Noam},
  PUBLISHER = {Mouton},
  ADDRESS = {The Hague},
  IDS = {Chomsky1957,Chomsky57},
  LANGID = {english},
  NUMBER = {4},
  SERIES = {Janua Linguarum / Series Minor},
  TITLE = {Syntactic Structures},
  YEAR = {1957},
}

@BOOK{Chomsky81a,
  AUTHOR = {Chomsky, Noam},
  PUBLISHER = {Foris Publications},
  ADDRESS = {Dordrecht},
  DOI = {10.1515/9783110884166},
  IDS = {Chomsky:1981,chom:81,Chomsky81,Chomsky1981},
  LANGID = {english},
  NUMBER = {9},
  SERIES = {Studies in Generative Grammar},
  TITLE = {Lectures on Government and Binding},
  YEAR = {1981},
}

@BOOK{Chomsky86b,
  ABSTRACT = {Haider88a:40: Adjunktion nur an Maximalprojektionen},
  AUTHOR = {Chomsky, Noam},
  PUBLISHER = {MIT Press},
  ADDRESS = {Cambridge, MA},
  LANGID = {english},
  NUMBER = {13},
  SERIES = {Linguistic Inquiry Monographs},
  TITLE = {Barriers},
  YEAR = {1986},
}

@BOOK{Chomsky95a-u,
  AUTHOR = {Chomsky, Noam},
  PUBLISHER = {MIT Press},
  ADDRESS = {Cambridge, MA},
  IDS = {Chomsky:95-book},
  LANGID = {english},
  NUMBER = {28},
  SERIES = {Current Studies in Linguistics},
  TITLE = {The {Minimalist Program}},
  YEAR = {1995},
}

@INCOLLECTION{Chomsky70a,
  AUTHOR = {Chomsky, Noam},
  CHAPTER = {12},
  CROSSREF = {JR70},
  IDS = {Chomsky1970,Chomsky70},
  LANGID = {english},
  PAGES = {184--221},
  TITLE = {Remarks on Nominalization},
}

@THESIS{Cook2001a,
  AUTHOR = {Cook, Philippa Helen},
  INSTITUTION = {Departments of Linguistics and German, University of Manchester},
  LANGID = {english},
  TITLE = {Coherence in {German}: {An} Information Structure Approach},
  TYPE = {phdthesis},
  YEAR = {2001},
}

@ARTICLE{Culy85a,
  AUTHOR = {Culy, Christopher},
  DOI = {10.1007/BF00630918},
  JOURNAL = {Linguistics and Philosophy},
  LANGID = {english},
  NUMBER = {3},
  PAGES = {345--351},
  TITLE = {The Complexity of the Vocabulary of {Bambara}},
  VOLUME = {8},
  YEAR = {1985},
}

@INCOLLECTION{Dalrymple2006a,
  AUTHOR = {Dalrymple, Mary},
  CROSSREF = {Brown2006a-ed},
  LANGID = {english},
  PAGES = {82--94},
  TITLE = {{Lexical Functional Grammar}},
}

@BOOK{Saussure16a,
  AUTHOR = {{de Saussure}, Ferdinand},
  PUBLISHER = {Walter de Gruyter \& Co},
  ADDRESS = {Berlin},
  BOOKTITLE = {{Grundfragen der allgemeinen Sprachwissenschaft}},
  LANGID = {english},
  NOTE = {\2nd\Edition 1967},
  TITLE = {{Grundfragen der allgemeinen Sprachwissenschaft}},
  YEAR = {1916},
}

@ARTICLE{Dowty78a,
  ABSTRACT = {Hoeksema91:699 complex predicate analyse, die auf Bach aufbaut, Dowty79a:307 kannTransformationen durch LR ersetzen, kopiert},
  AUTHOR = {Dowty, David R.},
  JOURNAL = {Linguistic Inquiry},
  LANGID = {english},
  NUMBER = {3},
  PAGES = {393--426},
  TITLE = {Governed Transformations as Lexical Rules in a {Montague Grammar}},
  VOLUME = {9},
  YEAR = {1978},
}

@BOOK{Dowty79a,
  AUTHOR = {Dowty, David R.},
  PUBLISHER = {D. Reidel Publishing Company},
  ADDRESS = {Dordrecht},
  IDS = {Dowty:1979a},
  LANGID = {english},
  NUMBER = {7},
  SERIES = {Synthese Language Library},
  TITLE = {Word Meaning and {Montague Grammar}},
  YEAR = {1979},
}

@ARTICLE{Dowty91a,
  AUTHOR = {Dowty, David R.},
  JOURNAL = {Language},
  LANGID = {english},
  NUMBER = {3},
  PAGES = {547--619},
  TITLE = {Thematic Proto-Roles and Argument Selection},
  VOLUME = {67},
  YEAR = {1991},
}

@INCOLLECTION{Dowty2003a,
  AUTHOR = {Dowty, David R.},
  CROSSREF = {LMFH2003a-ed},
  LANGID = {english},
  PAGES = {33--66},
  TITLE = {The Dual Analysis of Adjuncts and Complements in {Categorial Grammar}},
}

@BOOK{Drach37,
  AUTHOR = {Drach, Erich},
  PUBLISHER = {Wissenschaftliche Buchgesellschaft},
  ADDRESS = {Darmstadt},
  LANGID = {english},
  NOTE = {4., unveränderte Auf\/lage 1963},
  TITLE = {{Grundgedanken der deutschen Satzlehre}},
  YEAR = {1937},
}

@BOOK{DRS97a-ed,
  EDITOR = {Dürscheid, Christa and Ramers, Karl Heinz and Schwarz, Monika},
  PUBLISHER = {Max Niemeyer Verlag},
  ADDRESS = {Tübingen},
  BOOKTITLE = {{Sprache im Fokus: Festschrift für Heinz Vater zum 65.\,Geburtstag}},
  LANGID = {english},
  TITLE = {{Sprache im Fokus: Festschrift für Heinz Vater zum 65.\,Geburtstag}},
  YEAR = {1997},
}

@INCOLLECTION{Eisenberg94b,
  AUTHOR = {Eisenberg, Peter},
  CROSSREF = {KvdA94a-ed},
  LANGID = {english},
  PAGES = {349--387},
  TITLE = {{German}},
}

@BOOK{Duden2005-Authors,
  AUTHOR = {Eisenberg, Peter and Peters, Jörg and Gallmann, Peter and Fabricius-Hansen, Cathrine and Nübling, Damaris and Barz, Irmhild and Fritz, Thomas A. and Fiehler, Reinhard},
  PUBLISHER = {Dudenverlag},
  ADDRESS = {Mannheim, Leipzig, Wien, Zürich},
  BOOKTITLE = {{Duden: Die Grammatik}},
  EDITION = {7},
  LANGID = {english},
  TITLE = {{Duden: Die Grammatik}},
  VOLUME = {4},
  YEAR = {2005},
}

@BOOK{Eroms2000a,
  AUTHOR = {Eroms, Hans-Werner},
  PUBLISHER = {Walter de Gruyter Verlag},
  ADDRESS = {Berlin},
  KEYWORDS = {gekauft},
  LANGID = {english},
  SERIES = {de Gruyter Studienbuch},
  TITLE = {{Syntax der deutschen Sprache}},
  YEAR = {2000},
}

@ARTICLE{Fanselow2001a,
  ABSTRACT = {proposes a new base generation account of free constituent order; theta-roleassignment is a by-product of checking the formal features of arguments; materialfrom German, Fanselow2003:12 im Deutschen keine strukturellen Freezingeffekte, 412:behandelt parasitic gaps als koordinierende Konjunktionen},
  AUTHOR = {Fanselow, Gisbert},
  JOURNAL = {Linguistic Inquiry},
  LANGID = {english},
  NUMBER = {3},
  PAGES = {405--437},
  TITLE = {Features, θ-Roles, and Free Constituent Order},
  VOLUME = {32},
  YEAR = {2001},
}

@BOOK{FF90,
  EDITOR = {Fanselow, Gisbert and Felix, Sascha W.},
  PUBLISHER = {\original Gunter Narr Verlag \jetzt Stauffenburg Verlag},
  ADDRESS = {Tübingen},
  BOOKTITLE = {{Strukturen und Merkmale syntaktischer Kategorien}},
  LANGID = {english},
  NUMBER = {39},
  SERIES = {Studien zur deutschen Grammatik},
  TITLE = {{Strukturen und Merkmale syntaktischer Kategorien}},
  YEAR = {1990},
}

@INCOLLECTION{Fillmore68,
  ABSTRACT = {Wegener85:307, gern, unwillig, sorgfaeltig -> Subjektbezug, auch in Reis82:182},
  AUTHOR = {Fillmore, Charles J.},
  EDITOR = {Bach, Emmon and Harms, Robert T.},
  PUBLISHER = {Holt, Rinehart, and Winston},
  ADDRESS = {New York},
  BOOKTITLE = {Universals of Linguistic Theory},
  IDS = {Fillmore1968},
  LANGID = {english},
  PAGES = {1--88},
  TITLE = {The Case for Case},
  YEAR = {1968},
}

@INCOLLECTION{Fillmore71a-u,
  AUTHOR = {Fillmore, Charles J.},
  EDITOR = {Abraham, Werner},
  PUBLISHER = {Athenäum},
  ADDRESS = {Frankfurt/Main},
  BOOKTITLE = {Kasustheorie},
  LANGID = {english},
  NUMBER = {2},
  PAGES = {1--118},
  SERIES = {Schwerpunkte Linguistik und Kommunikationswissenschaft},
  TITLE = {{Plädoyer für Kasus}},
  YEAR = {1971},
}

@ARTICLE{FKoC88a,
  AUTHOR = {Fillmore, Charles J. and Kay, Paul and O'Connor, Mary Catherine},
  JOURNAL = {Language},
  LANGID = {english},
  NUMBER = {3},
  PAGES = {501--538},
  TITLE = {Regularity and Idiomaticity in Grammatical Constructions: {The} Case of \emph{let alone}},
  VOLUME = {64},
  YEAR = {1988},
}

@BOOK{FS2006a-ed,
  EDITOR = {Fischer, Kerstin and Stefanowitsch, Anatol},
  PUBLISHER = {Stauffenburg Verlag},
  ADDRESS = {Tübingen},
  BOOKTITLE = {{Konstruktionsgrammatik: Von der Anwendung zur Theorie}},
  LANGID = {english},
  NUMBER = {40},
  SERIES = {Stauffenburg Linguistik},
  TITLE = {{Konstruktionsgrammatik: Von der Anwendung zur Theorie}},
  YEAR = {2006},
}

@INPROCEEDINGS{FPW85a,
  AUTHOR = {Flickinger, Daniel and Pollard, Carl J. and Wasow, Thomas},
  CROSSREF = {acl85},
  DOI = {10.3115/981210.981242},
  IDS = {Flickingeretal1985,Flickinger:Pollard:ea:85a},
  LANGID = {english},
  PAGES = {262--267},
  TITLE = {Structure-Sharing in Lexical Representation},
}

@INCOLLECTION{FWPEvolution,
  AUTHOR = {Flickinger, Dan and Wasow, Tom and Pollard, Carl},
  CROSSREF = {HPSGHandbook},
  LANGID = {english},
  TITLE = {The Evolution of {HPSG}},
}

@BOOK{Frey93a,
  ABSTRACT = {BH97a:11 In Peters$_i$ Wagen hat sie ihn$_{*i}$ gestoÔøΩÔøΩen, Gunkel99a:135: eigenenLexikoneintrag für Infinitiv bei lassen-Passiv},
  AUTHOR = {Frey, Werner},
  PUBLISHER = {Akademie Verlag},
  ADDRESS = {Berlin},
  BOOKTITLE = {{Syntaktische Bedingungen für die semantische Interpretation: Über Bindung, implizite Argumente und Skopus}},
  LANGID = {english},
  NUMBER = {35},
  SERIES = {studia grammatica},
  TITLE = {{Syntaktische Bedingungen für die semantische Interpretation: Über Bindung, implizite Argumente und Skopus}},
  YEAR = {1993},
}

@ARTICLE{Gazdar81a,
  AUTHOR = {Gazdar, Gerald},
  IDS = {Gazdar81,gazdar_g81,gazdar},
  JOURNAL = {Linguistic Inquiry},
  LANGID = {english},
  NUMBER = {2},
  PAGES = {155--184},
  TITLE = {Unbounded Dependencies and Coordinate Structure},
  VOLUME = {12},
  YEAR = {1981},
}

@BOOK{GKPS85a,
  AUTHOR = {Gazdar, Gerald and Klein, Ewan and Pullum, Geoffrey K. and Sag, Ivan A.},
  PUBLISHER = {Harvard University Press},
  ADDRESS = {Cambridge, MA},
  IDS = {GPSG85,gpsg,Gazdar85,gkps},
  LANGID = {english},
  TITLE = {{Generalized Phrase Structure Grammar}},
  YEAR = {1985},
}

@THESIS{Gerdes2002b-u,
  AUTHOR = {Gerdes, Kim},
  INSTITUTION = {Ecole doctorale Science du langage, UFR de linguistique, Université Paris 7},
  LANGID = {english},
  TITLE = {Topologie et grammaires formelles de l'allemand},
  TYPE = {phdthesis},
  YEAR = {2002},
}

@BOOK{Goldberg95a,
  AUTHOR = {Goldberg, Adele E.},
  PUBLISHER = {The University of Chicago Press},
  ADDRESS = {Chicago},
  IDS = {Goldberg1995},
  LANGID = {english},
  SERIES = {Cognitive Theory of Language and Culture},
  TITLE = {Constructions: {A} {Construction Grammar} Approach to Argument Structure},
  YEAR = {1995},
}

@BOOK{Goldberg2006a,
  AUTHOR = {Goldberg, Adele E.},
  PUBLISHER = {Oxford University Press},
  ADDRESS = {Oxford},
  LANGID = {english},
  SERIES = {Oxford Linguistics},
  TITLE = {Constructions at Work: {The} Nature of Generalization in Language},
  YEAR = {2006},
}

@PROCEEDINGS{Goerz92a-ed,
  EDITOR = {Görz, Günther},
  PUBLISHER = {Springer Verlag},
  ADDRESS = {Berlin},
  BOOKTITLE = {{Konvens 92. 1.\,Konferenz "`Verarbeitung natürlicher Sprache"'. Nürn\-berg 7.--9.\,Oktober 1992}},
  LANGID = {ngerman},
  SERIES = {Informatik aktuell},
  TITLE = {{Konvens 92. 1.\,Konferenz "`Verarbeitung natürlicher Sprache"'. Nürn\-berg 7.--9.\,Oktober 1992}},
  YEAR = {1992},
}

@BOOK{Grewendorf88a,
  ABSTRACT = {Suchsland95a:75,76, Suchsland97a:152 Subjekt leeres Subjekt beim persoenlichen Passiv (pro) Kindt: Grewendorf88:18 sagt, dass Tests heuristisch sind.},
  AUTHOR = {Grewendorf, Günther},
  PUBLISHER = {\original Gunter Narr Verlag \jetzt Stauffenburg Verlag},
  ADDRESS = {Tübingen},
  LANGID = {german},
  NUMBER = {33},
  SERIES = {Studien zur deutschen Grammatik},
  TITLE = {{Aspekte der deutschen Syntax: Eine Rektions"=Bindungs"=Analyse}},
  YEAR = {1988},
}

@BOOK{Grewendorf2002a,
  AUTHOR = {Grewendorf, Günther},
  PUBLISHER = {A. Francke Verlag GmbH},
  ADDRESS = {Tübingen, Basel},
  LANGID = {english},
  NUMBER = {2313},
  SERIES = {UTB für Wissenschaft: Uni-Taschenbücher},
  TITLE = {{Minimalistische Syntax}},
  YEAR = {2002},
}

@THESIS{Gruber65a-u,
  AUTHOR = {Gruber, Jeffrey},
  INSTITUTION = {MIT},
  LANGID = {english},
  TITLE = {Studies in Lexical Relations},
  TYPE = {phdthesis},
  YEAR = {1965},
}

@ARTICLE{Haider86,
  AUTHOR = {Haider, Hubert},
  PUBLISHER = {Westdeutscher Verlag},
  JOURNAL = {Linguistische Berichte},
  LANGID = {english},
  PAGES = {3--33},
  TITLE = {{Fehlende Argumente: Vom Passiv zu kohärenten Infinitiven}},
  VOLUME = {101},
  YEAR = {1986},
}

@BOOK{Haider93a,
  AUTHOR = {Haider, Hubert},
  PUBLISHER = {Gunter Narr Verlag},
  ADDRESS = {Tübingen},
  LANGID = {ngerman},
  NUMBER = {325},
  SERIES = {Tübinger Beiträge zur Linguistik},
  TITLE = {{Deutsche Syntax -- generativ: Vorstudien zur Theorie einer projektiven Grammatik}},
  YEAR = {1993},
}

@INCOLLECTION{Haider90b,
  AUTHOR = {Haider, Hubert},
  CROSSREF = {FF90},
  LANGID = {english},
  PAGES = {121--143},
  TITLE = {{Pro-bleme?}},
}

@INCOLLECTION{Haider97a,
  AUTHOR = {Haider, Hubert},
  CROSSREF = {AvG97},
  LANGID = {english},
  PAGES = {83--103},
  TITLE = {Projective Economy: {On} the Minimal Functional Structure of the {German} Clause},
}

@ARTICLE{Harman63a,
  ABSTRACT = {Suchsland97a:101 -> hat komplexe Kategorien erfunden, gibt schon leere Elemente und WH-Merkmale},
  AUTHOR = {Harman, Gilbert},
  JOURNAL = {Language},
  LANGID = {english},
  PAGES = {597--616},
  TITLE = {Generative Grammars without Transformation Rules: {A} Defence of Phrase Structure},
  VOLUME = {39},
  YEAR = {1963},
}

@BOOK{Heringer96a-u,
  AUTHOR = {Heringer, Hans Jürgen},
  PUBLISHER = {Stauffenburg Verlag},
  ADDRESS = {Tübingen},
  LANGID = {english},
  SERIES = {Stauffenburg Linguistik},
  TITLE = {{Deutsche Syntax dependentiell}},
  YEAR = {1996},
}

@INPROCEEDINGS{Hoehle86,
  AUTHOR = {Höhle, Tilman N.},
  CROSSREF = {WWR86a-ed},
  LANGID = {english},
  NOTE = {Republished as \citew{HoehleMittelfeld}},
  PAGES = {329--340},
  TITLE = {{Der Begriff "`Mittelfeld"': Anmerkungen über die Theorie der topologischen Felder}},
}

@INCOLLECTION{HoehleMittelfeld,
  AUTHOR = {Höhle, Tilman N.},
  CROSSREF = {MRR2018a-ed},
  LANGID = {english},
  NOTE = {First published as \citew{Hoehle86}},
  PAGES = {279--294},
  TITLE = {{Der Begriff "`Mittelfeld"': Anmerkungen über die Theorie der topologischen Felder}},
}

@INCOLLECTION{Hoehle82a,
  AUTHOR = {Höhle, Tilman N.},
  CROSSREF = {Abraham82a-ed},
  LANGID = {german},
  NOTE = {Republished as \citew{Hoehle2018Explikation}},
  PAGES = {75--153},
  TITLE = {{Explikationen für "`normale Betonung"' und "`normale Wortstellung"'}},
}

@INCOLLECTION{Hoehle2018Explikation,
  AUTHOR = {Höhle, Tilman N.},
  CROSSREF = {MRR2018a-ed},
  LANGID = {english},
  PAGES = {107--191},
  TITLE = {{Explikationen für "`normale Betonung"' und "`normale Wortstellung"'}},
}

@INCOLLECTION{Hoehle2018Projektionsstufen,
  AUTHOR = {Höhle, Tilman N.},
  CROSSREF = {MRR2018a-ed},
  LANGID = {english},
  NOTE = {First circulated in 1991},
  PAGES = {369--379},
  TITLE = {{Projektionsstufen bei V-Projektionen: Bemerkungen zu F/T}},
}

@INCOLLECTION{HoehleTopo,
  AUTHOR = {Höhle, Tilman N.},
  CROSSREF = {MRR2018a-ed},
  LANGID = {english},
  NOTE = {First circulated as draft in 1983},
  PAGES = {7--89},
  TITLE = {{Topologische Felder}},
}

@INCOLLECTION{Hoehle97a,
  AUTHOR = {Höhle, Tilman N.},
  CROSSREF = {DRS97a-ed},
  LANGID = {english},
  NOTE = {Republished as \citew{HoehleKomplementierer}},
  PAGES = {107--120},
  TITLE = {{Vorangestellte Verben und Komplementierer sind eine natürliche Klasse}},
}

@INCOLLECTION{HoehleKomplementierer,
  AUTHOR = {Höhle, Tilman N.},
  CROSSREF = {MRR2018a-ed},
  LANGID = {english},
  NOTE = {First published as \citew{Hoehle97a}},
  PAGES = {417--433},
  TITLE = {{Vorangestellte Verben und Komplementierer sind eine natürliche Klasse}},
}

@INCOLLECTION{Hudson2021a,
  AUTHOR = {Hudson, Richard},
  CROSSREF = {HPSGHandbook},
  LANGID = {english},
  TITLE = {{HPSG and Dependency Grammar}},
}

@BOOK{Jackendoff72a-u,
  ABSTRACT = {zitiert von Reis72c:56: Obliquenesshierarchie mit Bezug auf thematischen Rang,zitiert von Grewendorf83a:176, Suchsland97a:130, so muede dass ...,Luedeling2001a:77 hat Lexikalismus erfunden, Ryu97a:97 Bindung nach Hierarchiesemantischer Rollen, HR2003a:215 Fokus/background},
  AUTHOR = {Jackendoff, Ray S.},
  PUBLISHER = {MIT Press},
  ADDRESS = {Cambridge, MA},
  IDS = {Jackendoff:1972,Jackendoff:72},
  LANGID = {english},
  TITLE = {Semantic Interpretation in {Generative Grammar}},
  YEAR = {1972},
}

@BOOK{Jackendoff77a,
  ABSTRACT = {Komplemente stets Maximalprojektionen},
  AUTHOR = {Jackendoff, Ray S.},
  PUBLISHER = {MIT Press},
  ADDRESS = {Cambridge, MA},
  BOOKTITLE = {{$\overline{\mbox{X}}$} {Syntax}: {A} Study of Phrase Structure},
  IDS = {Jackendoff77},
  LANGID = {english},
  TITLE = {{$\overline{\mbox{X}}$} Syntax: {A} Study of Phrase Structure},
  YEAR = {1977},
}

@ARTICLE{Jackendoff2008a,
  AUTHOR = {Jackendoff, Ray S.},
  JOURNAL = {Language},
  LANGID = {english},
  NUMBER = {1},
  PAGES = {8--28},
  TITLE = {Construction after {Construction} and Its Theoretical Challenges},
  VOLUME = {84},
  YEAR = {2008},
}

@REPORT{Jacobs91a,
  AUTHOR = {Jacobs, Joachim},
  INSTITUTION = {Heinrich Heine Uni/BUGH},
  ADDRESS = {Düsseldorf/Wuppertal},
  LANGID = {english},
  NUMBER = {1},
  TITLE = {{Bewegung als Valenztransfer}},
  TYPE = {SFB 282: Theorie des Lexikons},
  YEAR = {1991},
}

@BOOK{JR70,
  EDITOR = {Jacobs, Roderick A. and Rosenbaum, Peter S.},
  PUBLISHER = {Ginn and Company},
  ADDRESS = {Waltham, MA/""Toronto/""London},
  BOOKTITLE = {Readings in {English} {Transformational Grammar}},
  LANGID = {english},
  TITLE = {Readings in {English} {Transformational Grammar}},
  YEAR = {1970},
}

@ARTICLE{Johnson86a,
  ABSTRACT = {zitiert in HN zum Verbalkomplex als Konstituente},
  AUTHOR = {Johnson, Mark},
  JOURNAL = {Linguistics},
  LANGID = {english},
  NUMBER = {5},
  PAGES = {871--882},
  TITLE = {A {GPSG} Account of {VP} Structure in {German}},
  VOLUME = {24},
  YEAR = {1986},
}

@BOOK{Johnson88,
  AUTHOR = {Johnson, Mark},
  PUBLISHER = {CSLI Publications},
  ADDRESS = {Stanford, CA},
  LANGID = {english},
  NUMBER = {16},
  SERIES = {CSLI Lecture Notes},
  TITLE = {Attribute-Value Logic and the Theory of Grammar},
  YEAR = {1988},
}

@INCOLLECTION{Joshi87a-u,
  AUTHOR = {Joshi, Aravind K.},
  EDITOR = {Manaster"=Ramer, Alexis},
  PUBLISHER = {John Benjamins Publishing Co.},
  ADDRESS = {Amsterdam},
  BOOKTITLE = {The Mathematics of Language},
  LANGID = {english},
  PAGES = {87--114},
  TITLE = {Introduction to {Tree Adjoining Grammar}},
  YEAR = {1987},
}

@INCOLLECTION{JBR2000a,
  AUTHOR = {Joshi, Aravind K. and Becker, Tilman and Rambow, Owen},
  CROSSREF = {AR2000a-ed},
  LANGID = {english},
  PAGES = {167--181},
  TITLE = {Complexity of Scrambling: {A} New Twist to the Competence-Performance Distinction},
}

@ARTICLE{JLT75a-u,
  AUTHOR = {Joshi, Aravind K. and Levy, Leon S. and Takahashi, Masako},
  JOURNAL = {Journal of Computer and System Science},
  LANGID = {english},
  NUMBER = {2},
  PAGES = {136--163},
  TITLE = {{Tree Adjunct Grammar}},
  VOLUME = {10},
  YEAR = {1975},
}

@INCOLLECTION{JS97a,
  AUTHOR = {Joshi, Aravind K. and Schabes, Yves},
  EDITOR = {Rozenberg, G. and Salomaa, A.},
  PUBLISHER = {Springer Verlag},
  ADDRESS = {Berlin},
  BOOKTITLE = {Handbook of Formal Languages},
  LANGID = {english},
  PAGES = {69--123},
  TITLE = {{Tree-Adjoning Grammars}},
  YEAR = {1997},
}

@REPORT{JSW90a-u,
  AUTHOR = {Joshi, Aravind K. and Vijay-Shanker, K. and Weir, David},
  INSTITUTION = {Department of Computer and Information Science, University of Pennsylvania},
  URL = {https://repository.upenn.edu/cis_reports/539/},
  LANGID = {english},
  NUMBER = {MS-CIS-90-01},
  TITLE = {The Convergence of Mildly Context-Sensitive Grammar Formalisms},
  TYPE = {techreport},
  URLDATE = {2020-08-18},
  YEAR = {1990},
}

@BOOK{Kayne84a-u,
  AUTHOR = {Kayne, Richard S.},
  PUBLISHER = {Foris Publications},
  ADDRESS = {Dordrecht},
  LANGID = {english},
  NUMBER = {16},
  SERIES = {Studies in Generative Grammar},
  TITLE = {Connectedness and Binary Branching},
  YEAR = {1984},
}

@BOOK{KMR2019a-ed,
  EDITOR = {Kertész, András and Moravcsik, Edith and Rákosi, Csilla},
  PUBLISHER = {Mouton de Gruyter},
  ADDRESS = {Berlin},
  BOOKTITLE = {Current Approaches to Syntax: {A} Comparative Handbook},
  DOI = {10.1515/9783110540253},
  LANGID = {english},
  NUMBER = {3},
  SERIES = {Comparative Handbooks of Linguistics},
  TITLE = {Current Approaches to Syntax: {A} Comparative Handbook},
  YEAR = {2019},
}

@REPORT{King94a,
  AUTHOR = {King, Paul},
  INSTITUTION = {Eberhard-Karls-Uni\-ver\-si\-tät},
  URL = {http://www.sfs.uni-tuebingen.de/sfb/reports/berichte/59/59abs.html},
  ADDRESS = {Tübingen},
  LANGID = {english},
  NUMBER = {\Nr 59},
  TITLE = {An Expanded Logical Formalism for {{Head-Driven Phrase Structure Grammar}}},
  TYPE = {Arbeitspapiere des SFB 340},
  URLDATE = {2020-08-18},
  YEAR = {1994},
}

@INCOLLECTION{Kiss2001a,
  AUTHOR = {Kiss, Tibor},
  CROSSREF = {MK2001a-ed},
  LANGID = {english},
  PAGES = {141--175},
  TITLE = {Configurational and Relational Scope Determination in {German}},
}

@BOOK{Klenk2003a,
  AUTHOR = {Klenk, Ursula},
  PUBLISHER = {Gunter Narr Verlag},
  ADDRESS = {Tübingen},
  LANGID = {english},
  SERIES = {Narr Studienbücher},
  TITLE = {{Generative Syntax}},
  YEAR = {2003},
}

@BOOK{KvdA94a-ed,
  EDITOR = {König, Ekkehard and van der Auwera, Johan},
  PUBLISHER = {Routledge},
  ADDRESS = {London},
  BOOKTITLE = {The {Germanic} Languages},
  LANGID = {english},
  SERIES = {Routledge Language Family Descriptions},
  TITLE = {The {Germanic} Languages},
  YEAR = {1994},
}

@ARTICLE{KP90a,
  ABSTRACT = {zitiert von Hoecksema91: X-Bar-Theorie braucht man nicht, Coli: kopiert, S.29 ->coördination},
  AUTHOR = {Kornai, András and Pullum, Geoffrey K.},
  JOURNAL = {Language},
  LANGID = {english},
  NUMBER = {1},
  PAGES = {24--50},
  TITLE = {The {X-bar Theory} of Phrase Structure},
  VOLUME = {66},
  YEAR = {1990},
}

@REPORT{KJ85a,
  AUTHOR = {Kroch, Anthony S. and Joshi, Aravind K.},
  INSTITUTION = {University of Pennsylvania},
  URL = {http://repository.upenn.edu/cis_reports/671/},
  LANGID = {english},
  NUMBER = {MS-CIS-85-16},
  TITLE = {The Linguistic Relevance of {Tree Adjoining Grammar}},
  TYPE = {techreport},
  URLDATE = {2020-08-18},
  YEAR = {1985},
}

@BOOK{Kunze75a-u,
  AUTHOR = {Kunze, Jürgen},
  PUBLISHER = {Akademie Verlag},
  ADDRESS = {Berlin},
  LANGID = {english},
  NUMBER = {12},
  SERIES = {studia grammatica},
  TITLE = {Abhängigkeitsgrammatik},
  YEAR = {1975},
}

@BOOK{LMFH2003a-ed,
  EDITOR = {Lang, Ewald and Maienborn, Claudia and Fabricius-Hansen, Cathrine},
  PUBLISHER = {Mouton de Gruyter},
  ADDRESS = {Berlin},
  BOOKTITLE = {Modifying Adjuncts},
  LANGID = {english},
  NUMBER = {4},
  SERIES = {Interface Explorations},
  TITLE = {Modifying Adjuncts},
  YEAR = {2003},
}

@INCOLLECTION{LM2006a,
  AUTHOR = {Levine, Robert D. and Meurers, Walt Detmar},
  CROSSREF = {Brown2006a-ed},
  LANGID = {english},
  PAGES = {237--252},
  TITLE = {{Head-Driven Phrase Structure Grammar}: {Linguistic} Approach, Formal Foundations, and Computational Realization},
  YEAR = {2006},
}

@PROCEEDINGS{acl85,
  EDITOR = {Mann, William C.},
  PUBLISHER = {Association for Computational Linguistics},
  ADDRESS = {Chicago, IL},
  BOOKTITLE = {Proceedings of the {Twenty-Third Annual Meeting of the Association for Computational Linguistics}},
  LANGID = {english},
  TITLE = {Proceedings of the {Twenty-Third Annual Meeting of the Association for Computational Linguistics}},
  YEAR = {1985},
}

@ARTICLE{Matsuyama2004a,
  AUTHOR = {Matsuyama, Tetsuya},
  JOURNAL = {English Linguistics},
  LANGID = {english},
  NUMBER = {11},
  PAGES = {55--84},
  TITLE = {The {N} \emph{after} {N} {Construction}: {A} Constructional Idiom},
  VOLUME = {1},
  YEAR = {2004},
}

@BOOK{May85a-u,
  AUTHOR = {May, Robert},
  PUBLISHER = {MIT Press},
  ADDRESS = {Cambridge, MA},
  IDS = {may85,May1985},
  LANGID = {english},
  NUMBER = {12},
  SERIES = {Linguistic Inquiry Monographs},
  TITLE = {Logical Form: {Its} Structure and Derivation},
  YEAR = {1985},
}

@BOOK{MK2001a-ed,
  EDITOR = {Meurers, Walt Detmar and Kiss, Tibor},
  PUBLISHER = {CSLI Publications},
  ADDRESS = {Stanford, CA},
  BOOKTITLE = {Constraint"=Based Approaches to {Germanic} Syntax},
  LANGID = {english},
  NUMBER = {7},
  SERIES = {Studies in Constraint"=Based Lexicalism},
  TITLE = {Constraint"=Based Approaches to {Germanic} Syntax},
  YEAR = {2001},
}

@ARTICLE{Mineur95a,
  AUTHOR = {Mineur, Anne-Marie},
  JOURNAL = {Ta!, the Dutch Students' Magazine for Computational Linguistics},
  LANGID = {english},
  NUMBER = {1},
  TITLE = {Interview with {Bob Carpenter}},
  VOLUME = {3},
  YEAR = {1995},
}

@ARTICLE{Morrill95a,
  AUTHOR = {Morrill, Glyn},
  JOURNAL = {Linguistics and Philosophy},
  LANGID = {english},
  NUMBER = {2},
  PAGES = {175--219},
  TITLE = {Discontinuity in {Categorial Grammar}},
  VOLUME = {18},
  YEAR = {1995},
}

@BOOK{Mueller99a,
  AUTHOR = {Müller, Stefan},
  PUBLISHER = {Max Niemeyer Verlag},
  ADDRESS = {Tübingen},
  ANNOTATION = {486 Seiten 1999 186,- DM = 95,10€ 31.12.2006 91,59€ 27.11.2008 98€/157$ 23.12.2012 De Gruyter Print + E-Book $238,00/169,95€ = $0,58/0,35€ Print 114,95 buchhandel.de: Letzte Preisänderung am 11.03.2012 15.02.2015 139,95€ /US$ 196,00 print or ebook 23.06.2020 149,95€},
  DOI = {10.1515/9783110915990},
  IDS = {Mueller:99},
  LANGID = {english},
  NUMBER = {394},
  SERIES = {Linguistische Arbeiten},
  TITLE = {{Deutsche Syntax deklarativ: {Head-Driven Phrase Structure Grammar} für das Deutsche}},
  YEAR = {1999},
}

@BOOK{Mueller2002b,
  AUTHOR = {Müller, Stefan},
  PUBLISHER = {CSLI Publications},
  ADDRESS = {Stanford, CA},
  BOOKTITLE = {Complex Predicates: {Verbal} Complexes, Resultative Constructions, and Particle Verbs in {German}},
  IDS = {Mueller:02b},
  LANGID = {english},
  NUMBER = {13},
  SERIES = {Studies in Constraint"=Based Lexicalism},
  TITLE = {Complex Predicates: {Verbal} Complexes, Resultative Constructions, and Particle Verbs in {German}},
  YEAR = {2002},
}

@ARTICLE{Mueller2005c,
  AUTHOR = {Müller, Stefan},
  JOURNAL = {Linguistische Berichte},
  LANGID = {german},
  PAGES = {3--39},
  TITLE = {{Zur Analyse der deutschen Satzstruktur}},
  VOLUME = {201},
  YEAR = {2005},
}

@BOOK{MuellerGTBuch2-linked,
  AUTHOR = {Müller, Stefan},
  PUBLISHER = {Stauffenburg Verlag},
  URL = {https://hpsg.hu-berlin.de/~stefan/Pub/grammatiktheorie.html},
  ADDRESS = {Tübingen},
  ANNOTATION = {Lehre: Stefan Schierholz: Erlangen SS 2013 Olga Keller: Hamburg 2012 Alexander Koller: Potsdam WS 2012/2013 Tanja Avgustinova: Saarbrücken Martin Hase: Bamberg Peter Gallmann: Jena, SS 2013},
  EDITION = {2},
  IDS = {MuellerGTBuch},
  LANGID = {english},
  NUMBER = {20},
  SERIES = {Stauffenburg Einführungen},
  TITLE = {{Grammatiktheorie}},
  URLDATE = {2019-06-30},
  YEAR = {2013},
}

@BOOK{MuellerLehrbuch3-linked,
  AUTHOR = {Müller, Stefan},
  PUBLISHER = {Stauffenburg Verlag},
  URL = {https://hpsg.hu-berlin.de/~stefan/Pub/hpsg-lehrbuch.html},
  ADDRESS = {Tübingen},
  EDITION = {3},
  IDS = {MuellerLehrbuch},
  LANGID = {english},
  NUMBER = {17},
  SERIES = {Stauffenburg Einführungen},
  TITLE = {{Head-Driven Phrase Structure Grammar: Eine Einführung}},
  URLDATE = {2019-06-30},
  YEAR = {2013},
}

@INCOLLECTION{MuellerArten,
  AUTHOR = {Müller, Stefan},
  EDITOR = {Hagemann, Jörg and Staffeldt, Sven},
  PUBLISHER = {Stauffenburg Verlag},
  ADDRESS = {Tü\-bing\-en},
  BOOKTITLE = {{Syntaxtheorien: Analysen im Vergleich}},
  LANGID = {english},
  NUMBER = {28},
  PAGES = {187--233},
  SERIES = {Stauffenburg Einführungen},
  TITLE = {Artenvielfalt und {Head-Driven Phrase Structure Grammar}},
  YEAR = {2014},
}

@ARTICLE{MuellerEvaluating,
  AUTHOR = {Müller, Stefan},
  DOI = {10.31885/lud.5.1.226},
  JOURNAL = {Language Under Discussion},
  LANGID = {english},
  NUMBER = {1},
  PAGES = {52--67},
  TITLE = {Evaluating Theories: {Counting} Nodes and the Question of Constituency},
  VOLUME = {5},
  YEAR = {2019},
}

@MISC{MuellerGermanic,
  AUTHOR = {Müller, Stefan},
  URL = {https://hpsg.hu-berlin.de/~stefan/Pub/germanic.html},
  HOWPUBLISHED = {Ms. Humboldt Universität zu Berlin, to be submitted to Language Science Press},
  LANGID = {english},
  TITLE = {Germanic Syntax},
  URLDATE = {2019-06-30},
  YEAR = {2020},
}

@BOOK{MuellerGT-Eng4,
  AUTHOR = {Müller, Stefan},
  PUBLISHER = {Language Science Press},
  ADDRESS = {Berlin},
  BOOKTITLE = {Grammatical Theory: {From} {Transformational Grammar} to Constraint"=Based Approaches},
  DOI = {10.5281/zenodo.3992307},
  EDITION = {4},
  IDS = {MuellerGT-Eng},
  LANGID = {english},
  NUMBER = {1},
  SERIES = {Textbooks in Language Sciences},
  TITLE = {Grammatical Theory: {From} {Transformational Grammar} to Constraint"=Based Approaches},
  YEAR = {2020},
}

@BOOK{HPSGHandbook,
  EDITOR = {Müller, Stefan and Abeillé, Anne and Borsley, Robert D. and Koenig, Jean-Pierre},
  PUBLISHER = {Language Science Press},
  ADDRESS = {Berlin},
  BOOKTITLE = {{Head-Driven Phrase Structure Grammar: The} Handbook},
  LANGID = {english},
  NOTE = {\toappear},
  SERIES = {Empirically Oriented Theoretical Morphology and Syntax},
  TITLE = {{Head-Driven Phrase Structure Grammar: The} Handbook},
  YEAR = {2021},
}

@INCOLLECTION{MuellerCurrentApproaches,
  AUTHOR = {Müller, Stefan and {Machicao y Priemer}, Antonio},
  CROSSREF = {KMR2019a-ed},
  DOI = {10.1515/9783110540253-012},
  LANGID = {english},
  PAGES = {317--360},
  TITLE = {{Head-Driven Phrase Structure Grammar}},
}

@COLLECTION{MRR2018a-ed,
  EDITOR = {Müller, Stefan and Reis, Marga and Richter, Frank},
  PUBLISHER = {Language Science Press},
  ADDRESS = {Berlin},
  DOI = {10.5281/zenodo.1145680},
  LANGID = {german},
  NUMBER = {5},
  SERIES = {Classics in Linguistics},
  TITLE = {{Beiträge zur deutschen Grammatik: Gesammelte Schriften von Tilman N. Höhle}},
  YEAR = {2018},
}

@ARTICLE{MWArgSt,
  AUTHOR = {Müller, Stefan and Wechsler, Stephen},
  DOI = {10.1515/tl-2014-0001},
  JOURNAL = {Theoretical Linguistics},
  LANGID = {english},
  NUMBER = {1--2},
  PAGES = {1--76},
  TITLE = {Lexical Approaches to Argument Structure},
  VOLUME = {40},
  YEAR = {2014},
}

@ARTICLE{Muysken82a,
  AUTHOR = {Muysken, Pieter},
  JOURNAL = {Journal of Linguistic Research},
  LANGID = {english},
  PAGES = {57--75},
  TITLE = {Parametrizing the Notion of ``Head''},
  VOLUME = {2},
  YEAR = {1982},
}

@ARTICLE{Nerbonne86a,
  AUTHOR = {Nerbonne, John},
  DOI = {10.1515/ling.1986.24.5.857},
  JOURNAL = {Linguistics},
  LANGID = {english},
  NUMBER = {5},
  PAGES = {857--870},
  TITLE = {`{Phantoms}' and {German} Fronting: {Poltergeist} Constituents?},
  VOLUME = {24},
  YEAR = {1986},
}

@INPROCEEDINGS{Netter92,
  AUTHOR = {Netter, Klaus},
  CROSSREF = {Goerz92a-ed},
  LANGID = {english},
  PAGES = {218--227},
  TITLE = {On Non-Head Non-Movement: {An} {HPSG} Treatment of Finite Verb Position in {German}},
}

@BOOK{OBW88a-ed,
  EDITOR = {Oehrle, Richard and Bach, Emmon and Wheeler, Deirdre},
  PUBLISHER = {D. Reidel Publishing Company},
  ADDRESS = {Dordrecht},
  BOOKTITLE = {{Categorial Grammars} and Natural Language Structures},
  LANGID = {english},
  TITLE = {{Categorial Grammars} and Natural Language Structures},
  YEAR = {1988},
}

@ARTICLE{Oersnes2009b,
  AUTHOR = {Ørsnes, Bjarne},
  JOURNAL = {Deutsch als Fremdsprache},
  LANGID = {english},
  NUMBER = {3},
  PAGES = {143--149},
  TITLE = {{Das Verbalfeldmodell: Ein Stellungsfeldermodell für den kontrastiven DaF-Unterricht}},
  VOLUME = {46},
  YEAR = {2009},
}

@ARTICLE{PR73a-u,
  AUTHOR = {Peters, Stanley and Ritchie, R. W.},
  DOI = {10.1016/0020-0255(73)90027-3},
  JOURNAL = {Information Sciences},
  LANGID = {english},
  NUMBER = {C},
  PAGES = {49--83},
  TITLE = {On the Generative Power of {Transformational Grammar}},
  VOLUME = {6},
  YEAR = {1973},
}

@INCOLLECTION{Pollard90a-Eng,
  AUTHOR = {Pollard, Carl J.},
  CROSSREF = {BvH96a-ed},
  LANGID = {english},
  NOTE = {Published version of a Ms. dated January 1990},
  PAGES = {279--305},
  TITLE = {On Head Non-Movement},
  YEAR = {1996},
}

@INCOLLECTION{Pollard88a,
  AUTHOR = {Pollard, Carl J.},
  CROSSREF = {OBW88a-ed},
  LANGID = {english},
  PAGES = {391--415},
  TITLE = {{Categorial Grammar} and {Phrase Structure Grammar}: {An} Excursion on the Syntax-Semantics Frontier},
}

@BOOK{ps,
  AUTHOR = {Pollard, Carl and Sag, Ivan A.},
  PUBLISHER = {CSLI Publications},
  ADDRESS = {Stanford, CA},
  IDS = {PollardandSag1987,PollardSag1987,pollard+sag:1987,hpsg1,Pollard:Sag:1987,pollard;sag87,Pollard87},
  LANGID = {english},
  NUMBER = {13},
  SERIES = {CSLI Lecture Notes},
  TITLE = {Information-Based Syntax and Semantics},
  YEAR = {1987},
}

@BOOK{ps2,
  AUTHOR = {Pollard, Carl and Sag, Ivan A.},
  PUBLISHER = {The University of Chicago Press},
  ADDRESS = {Chicago},
  IDS = {PollardandSag1994,PollardSag1994,Pollard+Sag:1994,pollard+sag:1994,pollardsag,hpsg,Pollard:Sag:1994,pollard;sag94,Pollard94,Pollard:Sag:94},
  LANGID = {english},
  SERIES = {Studies in Contemporary Linguistics},
  TITLE = {{Head-Driven Phrase Structure Grammar}},
  YEAR = {1994},
}

@ARTICLE{Pollock89a-u,
  AUTHOR = {Pollock, Jean-Yves},
  JOURNAL = {Linguistic Inquiry},
  LANGID = {english},
  NUMBER = {3},
  PAGES = {365--424},
  TITLE = {Verb Movement, {Universal Grammar} and the Structure of {IP}},
  VOLUME = {20},
  YEAR = {1989},
}

@INPROCEEDINGS{Pullum85a,
  AUTHOR = {Pullum, Geoffrey K.},
  BOOKTITLE = {Papers from the {21st Annual Meeting of the Chicago Linguistic Society}},
  LANGID = {english},
  PAGES = {323--353},
  TITLE = {Assuming Some Version of {X-bar Theory}},
  YEAR = {1985},
}

@ARTICLE{Pullum86a,
  ABSTRACT = {Geschichte der Kontextfrei-Diskussion},
  AUTHOR = {Pullum, Geoffrey K.},
  JOURNAL = {Natural Language \& Linguistic Theory},
  LANGID = {english},
  NUMBER = {3},
  PAGES = {409--414},
  TITLE = {Footloose and Context-Free},
  VOLUME = {4},
  YEAR = {1986},
}

@THESIS{Rambow94a,
  AUTHOR = {Rambow, Owen},
  INSTITUTION = {University of Pennsylvania},
  LANGID = {english},
  TITLE = {Formal and Computational Aspects of Natural Language Syntax},
  TYPE = {phdthesis},
  YEAR = {1994},
}

@ARTICLE{Reis80a,
  AUTHOR = {Reis, Marga},
  JOURNAL = {Documentation et Recherche en Linguistique Allemande Contemporaine. Revue de Linguistique},
  LANGID = {english},
  PAGES = {59--85},
  TITLE = {On justifying Topological Frames: `{Positional} Field' and the Order of Nonverbal Constituents in {German}},
  VOLUME = {22/23},
  YEAR = {1980},
}

@THESIS{Richter2004a-u,
  AUTHOR = {Richter, Frank},
  INSTITUTION = {Universität Tübingen},
  URL = {https://publikationen.uni-tuebingen.de/xmlui/handle/10900/46230},
  IDS = {Richter2000,Richter:2000},
  LANGID = {english},
  TITLE = {A Mathematical Formalism for Linguistic Theories with an Application in {Head-Driven Phrase Structure Grammar}},
  TYPE = {{Phil.\ Dissertation (2000)}},
  URLDATE = {2020-08-18},
  YEAR = {2004},
}

@INCOLLECTION{Richter2021a,
  AUTHOR = {Richter, Frank},
  CROSSREF = {HPSGHandbook},
  LANGID = {english},
  TITLE = {Formal Background},
}

@THESIS{Ross67a,
  ABSTRACT = {Begriff Scrambling},
  AUTHOR = {Ross, John Robert},
  INSTITUTION = {MIT},
  URL = {http://files.eric.ed.gov/fulltext/ED016965.pdf},
  ADDRESS = {Cambridge, MA},
  IDS = {ross67,Ross1967,ross_j67,Ross67},
  LANGID = {english},
  NOTE = {Reproduced by the Indiana University Linguistics Club and later published as \citew{Ross86a-u}},
  TITLE = {Constraints on Variables in Syntax},
  TYPE = {phdthesis},
  URLDATE = {2020-08-18},
  YEAR = {1967},
}

@BOOK{Ross86a-u,
  AUTHOR = {Ross, John Robert},
  PUBLISHER = {Ablex Publishing Corporation},
  ADDRESS = {Norwood, NJ},
  LANGID = {english},
  NUMBER = {5},
  SERIES = {Language and Being},
  TITLE = {Infinite Syntax!},
  YEAR = {1986},
}

@ARTICLE{Sag97a,
  ABSTRACT = {Kathol2000a:21 -> head analysis for {English} complementizers Die Sache mit der Extra Regel für N-RS-Kombination funktioniert wegen Extraposition von Relativsätzen nicht. Siehe Review von Kim 2020.},
  AUTHOR = {Sag, Ivan A.},
  DOI = {10.1017/S002222679700652X},
  IDS = {Sag1997,Sag97,Sag:97},
  JOURNAL = {Journal of Linguistics},
  LANGID = {english},
  NUMBER = {2},
  PAGES = {431--484},
  TITLE = {English Relative Clause Constructions},
  VOLUME = {33},
  YEAR = {1997},
}

@ARTICLE{Sag2010b,
  AUTHOR = {Sag, Ivan A.},
  IDS = {Sag:10a,fgsag08},
  JOURNAL = {Language},
  LANGID = {english},
  NUMBER = {3},
  PAGES = {486--545},
  TITLE = {English Filler-Gap Constructions},
  VOLUME = {86},
  YEAR = {2010},
}

@INCOLLECTION{Sag2012a,
  AUTHOR = {Sag, Ivan A.},
  CROSSREF = {BS2012a-ed},
  IDS = {Sag:12,Sag2012,cxsag07},
  LANGID = {english},
  PAGES = {69--202},
  TITLE = {{Sign-Based Construction Grammar}: {An} Informal Synopsis},
}

@ARTICLE{SE2002a,
  AUTHOR = {Sauerland, Uli and Elbourne, Paul},
  JOURNAL = {Linguistic Inquiry},
  LANGID = {english},
  NUMBER = {2},
  PAGES = {283--319},
  TITLE = {Total Reconstruction, {PF} Movement, and Derivational Order},
  VOLUME = {33},
  YEAR = {2002},
}

@BOOK{Scherpenisse86a,
  AUTHOR = {Scherpenisse, Wim},
  PUBLISHER = {Peter Lang},
  ADDRESS = {Frankfurt/M.},
  LANGID = {english},
  NUMBER = {47},
  SERIES = {Europäische Hochschulschriften, Reihe {XXI}, Linguistik},
  TITLE = {The Connection Between Base Structure and Linearization Restrictions in {German} and {Dutch}},
  YEAR = {1986},
}

@ARTICLE{Shieber85a,
  ABSTRACT = {Bayer95a:1498 sagt aber, dass Evers75 früher war},
  AUTHOR = {Shieber, Stuart M.},
  DOI = {10.1007/BF00630917},
  JOURNAL = {Linguistics and Philosophy},
  LANGID = {english},
  NUMBER = {3},
  PAGES = {333--343},
  TITLE = {Evidence Against the Context-Freeness of Natural Language},
  VOLUME = {8},
  YEAR = {1985},
}

@BOOK{Shieber86a,
  AUTHOR = {Shieber, Stuart M.},
  PUBLISHER = {CSLI Publications},
  ADDRESS = {Stanford, CA},
  LANGID = {english},
  NUMBER = {4},
  SERIES = {CSLI Lecture Notes},
  TITLE = {An Introduction to Unification-Based Approaches to Grammar},
  YEAR = {1986},
}

@PROCEEDINGS{eacl89,
  EDITOR = {Somers, Harold and Wood, Mary McGee},
  PUBLISHER = {Association for Computational Linguistics},
  ADDRESS = {Manchester, England},
  BOOKTITLE = {Proceedings of the {Fourth Conference of the European Chapter of the Association for Computational Linguistics}},
  LANGID = {english},
  TITLE = {Proceedings of the {Fourth Conference of the European Chapter of the Association for Computational Linguistics}},
  YEAR = {1989},
}

@ARTICLE{Steedman91a,
  AUTHOR = {Steedman, Mark},
  DOI = {10.2307/415107},
  JOURNAL = {Language},
  LANGID = {english},
  NUMBER = {2},
  PAGES = {260--296},
  TITLE = {Structure and Intonation},
  VOLUME = {67},
  YEAR = {1991},
}

@BOOK{Steedman97a,
  AUTHOR = {Steedman, Mark},
  PUBLISHER = {MIT Press},
  ADDRESS = {Cambridge, MA},
  LANGID = {english},
  NUMBER = {30},
  SERIES = {Linguistic Inquiry Monographs},
  TITLE = {Surface Structure and Interpretation},
  YEAR = {1997},
}

@BOOK{Steedman2000a-u,
  ABSTRACT = {\url{http://mitpress.mit.edu/promotions/books/STE1SHF99}},
  AUTHOR = {Steedman, Mark},
  PUBLISHER = {MIT Press},
  ADDRESS = {Cambridge, MA},
  IDS = {steedmanbook},
  LANGID = {english},
  SERIES = {Language, Speech, and Communication},
  TITLE = {The Syntactic Process},
  YEAR = {2000},
}

@INCOLLECTION{Steedman89a,
  ABSTRACT = {zitiert von Kroch Santorini zur Koordination im Verbalkomplex},
  AUTHOR = {Steedman, Mark},
  CROSSREF = {BK89a-ed},
  LANGID = {english},
  PAGES = {201--231},
  TITLE = {Constituency and Coordination in a {Combinatory Grammar}},
}

@INCOLLECTION{SB2006a-u,
  AUTHOR = {Steedman, Mark and Baldridge, Jason},
  EDITOR = {Brown, Keith},
  PUBLISHER = {Elsevier},
  ADDRESS = {Oxford},
  BOOKTITLE = {Encyclopedia of Language and Linguistics},
  CROSSREF = {Brown2006a-ed},
  EDITION = {2},
  LANGID = {english},
  PAGES = {610--621},
  TITLE = {{Combinatory Categorial Grammar}},
  YEAR = {2006},
}

@BOOK{Sternefeld91a-u,
  AUTHOR = {Sternefeld, Wolfgang},
  PUBLISHER = {Westdeutscher Verlag},
  ADDRESS = {Opladen},
  LANGID = {english},
  TITLE = {{Syntaktische Grenzen}},
  YEAR = {1991},
}

@BOOK{Tesniere59a-Eng,
  AUTHOR = {Tesnière, Lucien},
  PUBLISHER = {Librairie C.\ Klincksieck},
  ADDRESS = {Paris},
  LANGID = {english},
  RELATED = {a9232474ed0b708a1f0127fda821dcf8},
  RELATEDSTRING = {Republished as},
  TITLE = {Eléments de syntaxe structurale},
  YEAR = {1959},
}

@BOOK{Tesniere80a-u,
  AUTHOR = {Tesnière, Lucien},
  PUBLISHER = {Klett-Cotta},
  ADDRESS = {Stuttgart},
  KEYWORDS = {gekauft},
  LANGID = {english},
  NOTE = {Translated by Ulrich Engel},
  TITLE = {{Grundzüge der strukturalen Syntax}},
  YEAR = {1980},
}

@BOOK{Tesniere2015a-u,
  AUTHOR = {Tesnière, Lucien},
  PUBLISHER = {John Benjamins Publishing Co.},
  ADDRESS = {Amsterdam},
  BOOKTITLE = {Elements of Structural Syntax},
  LANGID = {english},
  NOTE = {Translated by Timothy Osborne and Sylvain Kahane},
  TITLE = {Elements of Structural Syntax},
  YEAR = {2015},
}

@BOOK{a9232474ed0b708a1f0127fda821dcf8,
  OPTIONS = {skiplab=1,skipbiblist=1,skipbib=1,uniquename=false,uniquelist=false},
  AUTHOR = {Tesnière, Lucien},
  PUBLISHER = {John Benjamins Publishing Co.},
  ADDRESS = {Amsterdam},
  BOOKTITLE = {Elements of Structural Syntax},
  LANGID = {english},
  NOTE = {Translated by Timothy Osborne and Sylvain Kahane},
  TITLE = {Elements of Structural Syntax},
  YEAR = {2015},
}

@REPORT{Uszkoreit86b,
  ABSTRACT = {Subcat-Liste: binaer und Umordnungsregeln fuer Lexikon},
  AUTHOR = {Uszkoreit, Hans},
  INSTITUTION = {Center for the Study of Language and Information},
  ADDRESS = {Stanford, CA},
  LANGID = {english},
  NUMBER = {{No. CSLI-86-47}},
  TITLE = {Linear Precedence in Discontinuous Constituents: {Complex} Fronting in {German}},
  TYPE = {Report},
  YEAR = {1986},
}

@BOOK{Uszkoreit87a,
  ABSTRACT = {\url{http://www.ifi.unizh.ch/CL/volk/SyntaxVorl/Uszkoreit.Rez.html}},
  AUTHOR = {Uszkoreit, Hans},
  PUBLISHER = {CSLI Publications},
  ADDRESS = {Stanford, CA},
  LANGID = {english},
  NUMBER = {8},
  SERIES = {CSLI Lecture Notes},
  TITLE = {Word Order and Constituent Structure in {German}},
  YEAR = {1987},
}

@BOOK{SS88a,
  ABSTRACT = {ohne ihn zu haben sehen koennen},
  AUTHOR = {von Stechow, Arnim and Sternefeld, Wolfgang},
  PUBLISHER = {Westdeutscher Verlag},
  ADDRESS = {Opladen/Wiesbaden},
  LANGID = {english},
  TITLE = {{Bausteine syntaktischen Wissens: Ein Lehrbuch der Generativen Grammatik}},
  YEAR = {1988},
}

@BOOK{Weber97a,
  AUTHOR = {Weber, Heinz J.},
  PUBLISHER = {Gunter Narr Verlag},
  ADDRESS = {Tübingen},
  EDITION = {2},
  LANGID = {english},
  SERIES = {Narr Studienbücher},
  TITLE = {{Dependenzgrammatik: Ein interaktives Arbeitsbuch}},
  YEAR = {1997},
}

@BOOK{WWR86a-ed,
  EDITOR = {Weiss, Walter and Wiegand, Herbert Ernst and Reis, Marga},
  PUBLISHER = {Max Niemeyer Verlag},
  ADDRESS = {Tübingen},
  BOOKTITLE = {{Akten des VII.\ Kongresses der Internationalen Vereinigung für germanische Sprach- und Literaturwissenschaft. Göttingen 1985. Band 3. Textlinguistik contra Stilistik? -- Wortschatz und Wörterbuch -- Grammatische oder pragmatische Organisation von Rede?}},
  LANGID = {english},
  NUMBER = {4},
  SERIES = {Kontroversen, alte und neue},
  TITLE = {{Akten des VII.\ Kongresses der Internationalen Vereinigung für germanische Sprach- und Literaturwissenschaft. Göttingen 1985. Band 3. Textlinguistik contra Stilistik? -- Wortschatz und Wörterbuch -- Grammatische oder pragmatische Organisation von Rede?}},
  YEAR = {1986},
}

@ARTICLE{YMJ87,
  ABSTRACT = {zitiert von SKG92, mit bei SKG ungeloesten Problemen fuer islaendischen Kasus},
  AUTHOR = {Yip, Moira and Maling, Joan and Jackendoff, Ray S.},
  DOI = {10.2307/415655},
  JOURNAL = {Language},
  LANGID = {english},
  NUMBER = {2},
  PAGES = {217--250},
  TITLE = {Case in Tiers},
  VOLUME = {63},
  YEAR = {1987},
}

